@misc{wiki:SQL,
  author = "Wikipedia",
  title = "SQL --- {W}ikipedia{,} The Free Encylopedia",
  year = "2013",
  url = "http://en.wikipedia.org/wiki/SQL",
  note = "[Online; accessed 2-Jan-2014]"
}

@misc{isoSQL,
   title = "Information Technology - Database Language SQL",
   number = "ISO/IEC 9075",
   year = "1992",
   url = "http://www.contrib.andrew.cmu.edu/~shadow/sql/sql1992.txt"
}

@standard{lecRA,
  institution = "University of California, Berkeley",
  year = "2005",
  title = "Relational Calculus",
  url = "http://inst.eecs.berkeley.edu/~cs186/fa05/lecs/10CalcSQLI-6up.pdf"
}
